@Article{bensoussan,
  author = 	 {Bensoussan, Alain},
  title = 	 {},
  journal = 	 {},
  year = 	 {},
  OPTkey = 	 {},
  OPTvolume = 	 {},
  OPTnumber = 	 {},
  OPTpages = 	 {},
  OPTmonth = 	 {},
  OPTnote = 	 {},
  OPTannote = 	 {}
}
% http://blog.lefigaro.fr/bensoussan/2010/05/la-propriete-des-donnees.html

@Book{robert2007,
  ALTauthor = 	 {},
  ALTeditor = 	 {},
  title = 	 {},
  publisher = 	 {},
  year = 	 {},
  OPTkey = 	 {},
  OPTvolume = 	 {},
  OPTnumber = 	 {},
  OPTseries = 	 {},
  OPTaddress = 	 {},
  OPTedition = 	 {},
  OPTmonth = 	 {},
  OPTnote = 	 {},
  OPTannote = 	 {}
}

